@PREAMBLE{ {\providecommand{\noopsort}[1]{}} }
@Misc{nvidia,
    author = {{NVIDIA}},
    title = {{Oficjalna strona producenta}},
    howpublished = {\url{https://www.nvidia.com/en-us/about-nvidia/}}
}
@Misc{cuda,
    author = {{NVIDIA}},
    title = {{Compute Unified Device Architecture}},
    howpublished = {\url{https://developer.nvidia.com/cuda-zone}}
}
@Article{rabin_karp_alg,
    author = {{Richard M. Karp, Michael O. Rabin}},
    title = {{Efficient randomized pattern-matching algorithms}},
    year = {1987},
    journal = {{IBM Journal of Research and Development}},
    howpublished = {\url{https://ieeexplore.ieee.org/document/5390135/authors#authors}}
}
@Book{cormen,
    title = {{Wprowadzenie do algorytm√≥w, wydanie IV}},
    author = {{Thomas H. Cormen, Charles E. Leiserson, Ronald L. Rivest}},
    year = {1990},
    publisher = {{The Massachusetts Institute of Technology}},
    isbn = {83-204-2665-0}
}